<collection xmlns="http://www.loc.gov/MARC21/slim">
<record>
  <leader>01126nam0a22002411i 450 </leader>
  <controlfield tag="001">IT\ICCU\CNCE\050453</controlfield>
  <controlfield tag="005">20000120000000.0</controlfield>
  <datafield tag="100" ind1=" " ind2=" ">
    <subfield code="a">20000120d1584        0itac0103    ba</subfield>
  </datafield>
  <datafield tag="101" ind1=" " ind2=" ">
    <subfield code="a">LAT</subfield>
  </datafield>
  <datafield tag="102" ind1=" " ind2=" ">
    <subfield code="a">IT</subfield>
  </datafield>
  <datafield tag="200" ind1="1" ind2=" ">
    <subfield code="a">℗Ioannis Mariae Saccentis a Radiano Peligno, ℗Partium orationis instructio, plura elocutionum milia, et alia pueris pernecessaria: nunc primum in lucem edita</subfield>
  </datafield>
  <datafield tag="210" ind1=" " ind2=" ">
    <subfield code="e">Sulmonae</subfield>
    <subfield code="g">apud Marium Alexandris</subfield>
    <subfield code="h">1584</subfield>
  </datafield>
  <datafield tag="215" ind1=" " ind2=" ">
    <subfield code="a">290, \4! p.</subfield>
    <subfield code="d">8ʻ</subfield>
  </datafield>
  <datafield tag="620" ind1=" " ind2=" ">
    <subfield code="a">IT</subfield>
    <subfield code="d">Sulmona</subfield>
  </datafield>
  <datafield tag="700" ind1=" " ind2="1">
    <subfield code="a">Saccente,</subfield>
    <subfield code="b">Giovanni Maria</subfield>
    <subfield code="3">IT\ICCU\CNCA\006767</subfield>
  </datafield>
  <datafield tag="712" ind1="0" ind2="0">
    <subfield code="a">D&apos;Alessandri, Marino</subfield>
    <subfield code="3">IT\ICCU\CNCT\001319</subfield>
    <subfield code="4">650</subfield>
  </datafield>
  <datafield tag="790" ind1=" " ind2="1">
    <subfield code="a">Saccens,</subfield>
    <subfield code="b">Ioannes Maria</subfield>
    <subfield code="3">IT\ICCU\CNCA\023878</subfield>
    <subfield code="z">Saccente, Giovanni Maria</subfield>
  </datafield>
  <datafield tag="791" ind1="0" ind2="0">
    <subfield code="a">Alexandris, Marinus de</subfield>
    <subfield code="3">IT\ICCU\CNCT\002708</subfield>
    <subfield code="z">D&apos;Alessandri, Marino</subfield>
  </datafield>
  <datafield tag="791" ind1="0" ind2="0">
    <subfield code="a">Alessandri, Marino d&apos;</subfield>
    <subfield code="3">IT\ICCU\CNCT\003150</subfield>
    <subfield code="z">D&apos;Alessandri, Marino</subfield>
  </datafield>
  <datafield tag="791" ind1="0" ind2="0">
    <subfield code="a">Alessandro, Marino d&apos;</subfield>
    <subfield code="3">IT\ICCU\CNCT\004472</subfield>
    <subfield code="z">D&apos;Alessandri, Marino</subfield>
  </datafield>
  <datafield tag="791" ind1="0" ind2="0">
    <subfield code="a">Alexandro, Marinus de</subfield>
    <subfield code="3">IT\ICCU\CNCT\004473</subfield>
    <subfield code="z">D&apos;Alessandri, Marino</subfield>
  </datafield>
  <datafield tag="801" ind1=" " ind2="3">
    <subfield code="a">IT</subfield>
    <subfield code="b">ICCU</subfield>
    <subfield code="c">20201115</subfield>
  </datafield>
  <datafield tag="899" ind1=" " ind2=" ">
    <subfield code="a">Biblioteca nazionale Vittorio Emanuele III. Napoli</subfield>
    <subfield code="1">NA0079</subfield>
    <subfield code="2">NAP BN</subfield>
  </datafield>
</record>
</collection>
